@article{liy_chandw:CPTACpancan2023,
  title = {Proteogenomic Data and Resources for Pan-Cancer Analysis},
  author = {Li, Yize and Dou, Yongchao and Da Veiga Leprevost, Felipe and Geffen, Yifat and Calinawan, Anna P. and Aguet, François and Akiyama, Yo and Anand, Shankara and Birger, Chet and Cao, Song and Chaudhary, Rekha and Chilappagari, Padmini and Cieslik, Marcin and Colaprico, Antonio and Zhou, Daniel Cui and Day, Corbin and Domagalski, Marcin J. and Esai Selvan, Myvizhi and Fenyö, David and Foltz, Steven M. and Francis, Alicia and Gonzalez-Robles, Tania and Gümüş, Zeynep H. and Heiman, David and Holck, Michael and Hong, Runyu and Hu, Yingwei and Jaehnig, Eric J. and Ji, Jiayi and Jiang, Wen and Katsnelson, Lizabeth and Ketchum, Karen A. and Klein, Robert J. and Lei, Jonathan T. and Liang, Wen-Wei and Liao, Yuxing and Lindgren, Caleb M. and Ma, Weiping and Ma, Lei and MacCoss, Michael J. and Martins Rodrigues, Fernanda and McKerrow, Wilson and Nguyen, Ngoc and Oldroyd, Robert and Pilozzi, Alexander and Pugliese, Pietro and Reva, Boris and Rudnick, Paul and Ruggles, Kelly V. and Rykunov, Dmitry and Savage, Sara R. and Schnaubelt, Michael and Schraink, Tobias and Shi, Zhiao and Singhal, Deepak and Song, Xiaoyu and Storrs, Erik and Terekhanova, Nadezhda V. and Thangudu, Ratna R. and Thiagarajan, Mathangi and Wang, Liang-Bo and Wang, Joshua M. and Wang, Ying and Wen, Bo and Wu, Yige and Wyczalkowski, Matthew A. and Xin, Yi and Yao, Lijun and Yi, Xinpei and Zhang, Hui and Zhang, Qing and Zuhl, Maya and Getz, Gad and Ding, Li and Nesvizhskii, Alexey I. and Wang, Pei and Robles, Ana I. and Zhang, Bing and Payne, Samuel H. and Lazar, Alexander J. and Paulovich, Amanda G. and Colaprico, Antonio and Iavarone, Antonio and Chinnaiyan, Arul M. and Druker, Brian J. and Kumar-Sinha, Chandan and Newton, Chelsea J. and Huang, Chen and Mani, D.R. and Smith, Richard D. and Huntsman, Emily and Schadt, Eric E. and An, Eunkyung and Petralia, Francesca and Hostetter, Galen and Omenn, Gilbert S. and Cho, Hanbyul and Rodriguez, Henry and Zhang, Hui and Kolodziejczak, Iga and Johnson, Jared L. and Bavarva, Jasmin and Tan, Jimin and Rodland, Karin D. and Clauser, Karl R. and Krug, Karsten and Cantley, Lewis C. and Wiznerowicz, Maciej and Ellis, Matthew J. and Anurag, Meenakshi and Mesri, Mehdi and Gillette, Michael A. and Birrer, Michael J. and Ceccarelli, Michele and Dhanasekaran, Saravana M. and Edwards, Nathan and Tignor, Nicole and Babur, Özgün and Pugliese, Pietro and Gosline, Sara J.C. and Jewell, Scott D. and Satpathy, Shankha and Chowdhury, Shrabanti and Schürer, Stephan and Carr, Steven A. and Liu, Tao and Hiltke, Tara and Yaron, Tomer M. and Stathias, Vasileios and Liu, Wenke and Zhang, Xu and Song, Yizhe and Zhang, Zhen and Chan, Daniel W.},
  date = {2023-08},
  journaltitle = {Cancer Cell},
  volume = {41},
  number = {8},
  pages = {1397--1406},
  doi = {10.1016/j.ccell.2023.06.009}
}

@article{geffeny_zhoudc:pancanPTM2023,
  title = {Pan-Cancer Analysis of Post-Translational Modifications Reveals Shared Patterns of Protein Regulation},
  author = {Geffen, Yifat and Anand, Shankara and Akiyama, Yo and Yaron, Tomer M. and Song, Yizhe and Johnson, Jared L. and Govindan, Akshay and Babur, Özgün and Li, Yize and Huntsman, Emily and Wang, Liang-Bo and Birger, Chet and Heiman, David I. and Zhang, Qing and Miller, Mendy and Maruvka, Yosef E. and Haradhvala, Nicholas J. and Calinawan, Anna and Belkin, Saveliy and Kerelsky, Alexander and Clauser, Karl R. and Krug, Karsten and Satpathy, Shankha and Payne, Samuel H. and Mani, D.R. and Gillette, Michael A. and Dhanasekaran, Saravana M. and Thiagarajan, Mathangi and Mesri, Mehdi and Rodriguez, Henry and Robles, Ana I. and Carr, Steven A. and Lazar, Alexander J. and Aguet, François and Cantley, Lewis C. and Ding, Li and Getz, Gad and An, Eunkyung and Anurag, Meenakshi and Bavarva, Jasmin and Birrer, Michael J. and Babur, Özgün and Cao, Song and Ceccarelli, Michele and Chan, Daniel W. and Chinnaiyan, Arul M. and Cho, Hanbyul and Chowdhury, Shrabanti and Cieslik, Marcin P. and Colaprico, Antonio and Carr, Steven A. and Da Veiga Leprevost, Felipe and Day, Corbin and Domagalski, Marcin J. and Dou, Yongchao and Druker, Brian J. and Edwards, Nathan and Ellis, Matthew J. and Fenyo, David and Foltz, Steven M. and Francis, Alicia and Gonzalez Robles, Tania J. and Gosline, Sara J.C. and Gümüş, Zeynep H. and Hiltke, Tara and Hong, Runyu and Hostetter, Galen and Hu, Yingwei and Huang, Chen and Iavarone, Antonio and Jaehnig, Eric J. and Jewel, Scott D. and Ji, Jiayi and Jiang, Wen and Katsnelson, Lizabeth and Ketchum, Karen A. and Kolodziejczak, Iga and Kumar-Sinha, Chandan and Krug, Karsten and Lei, Jonathan T. and Liang, Wen-Wei and Liao, Yuxing and Lindgren, Caleb M. and Liu, Tao and Liu, Wenke and Ma, Weiping and McKerrow, Wilson and Mesri, Mehdi and Mani, D.R. and Nesvizhskii, Alexey I. and Newton, Chelsea and Oldroyd, Robert and Omenn, Gilbert S. and Paulovich, Amanda G. and Petralia, Francesca and Pugliese, Pietro and Reva, Boris and Rodland, Karin D. and Ruggles, Kelly V. and Rykunov, Dmitry and Rodrigues, Fernanda Martins and Savage, Sara R. and Schadt, Eric E. and Schnaubelt, Michael and Schraink, Tobias and Shi, Zhiao and Smith, Richard D. and Song, Xiaoyu and Stathias, Vasileios and Storrs, Erik P. and Schürer, Stephan and Selvan, Myvizhi Esai and Tan, Jimin and Terekhanova, Nadezhda V. and Thangudu, Ratna R. and Tignor, Nicole and Thiagarajan, Mathangi and Wang, Joshua M. and Wang, Pei and Wang, Ying (Cindy) and Wen, Bo and Wiznerowicz, Maciej and Wu, Yige and Wyczalkowski, Matthew A. and Yao, Lijun and Yi, Xinpei and Yao, Lijun and Zhang, Bing and Zhang, Hui and Zhang, Xu and Zhang, Zhen and Zhou, Daniel Cui},
  date = {2023-08},
  journaltitle = {Cell},
  volume = {186},
  number = {18},
  pages = {3945-3967.e26},
  doi = {10.1016/j.cell.2023.07.013}
}

@article{liuj_dingl:CPTACGBM2024,
  title = {Multi-Scale Signaling and Tumor Evolution in High-Grade Gliomas},
  author = {Liu, Jingxian and Cao, Song and Imbach, Kathleen J. and Gritsenko, Marina A. and Lih, Tung-Shing M. and Kyle, Jennifer E. and Yaron-Barir, Tomer M. and Binder, Zev A. and Li, Yize and Strunilin, Ilya and Wang, Yi-Ting and Tsai, Chia-Feng and Ma, Weiping and Chen, Lijun and Clark, Natalie M. and Shinkle, Andrew and Naser Al Deen, Nataly and Caravan, Wagma and Houston, Andrew and Simin, Faria Anjum and Wyczalkowski, Matthew A. and Wang, Liang-Bo and Storrs, Erik and Chen, Siqi and Illindala, Ritvik and Li, Yuping D. and Jayasinghe, Reyka G. and Rykunov, Dmitry and Cottingham, Sandra L. and Chu, Rosalie K. and Weitz, Karl K. and Moore, Ronald J. and Sagendorf, Tyler and Petyuk, Vladislav A. and Nestor, Michael and Bramer, Lisa M. and Stratton, Kelly G. and Schepmoes, Athena A. and Couvillion, Sneha P. and Eder, Josie and Kim, Young-Mo and Gao, Yuqian and Fillmore, Thomas L. and Zhao, Rui and Monroe, Matthew E. and Southard-Smith, Austin N. and Li, Yang E. and Jui-Hsien Lu, Rita and Johnson, Jared L. and Wiznerowicz, Maciej and Hostetter, Galen and Newton, Chelsea J. and Ketchum, Karen A. and Thangudu, Ratna R. and Barnholtz-Sloan, Jill S. and Wang, Pei and Fenyö, David and An, Eunkyung and Thiagarajan, Mathangi and Robles, Ana I. and Mani, D.R. and Smith, Richard D. and Porta-Pardo, Eduard and Cantley, Lewis C. and Iavarone, Antonio and Chen, Feng and Mesri, Mehdi and Nasrallah, MacLean P. and Zhang, Hui and Resnick, Adam C. and Chheda, Milan G. and Rodland, Karin D. and Liu, Tao and Ding, Li},
  date = {2024-07},
  journaltitle = {Cancer Cell},
  volume = {42},
  number = {7},
  pages = {1217-1238.e19},
  doi = {10.1016/j.ccell.2024.06.004}
}

@article{cuizhoud_dingl:SpatiallyRestricted2022,
    title = {Spatially restricted drivers and transitional cell populations cooperate with the microenvironment in untreated and chemo-resistant pancreatic cancer},
    date = {2022-08-22},
    journaltitle = {Nature Genetics},
    shortjournal = {Nat Genet},
    volume = {54},
    pages = {1390--1405},
    doi = {10.1038/s41588-022-01157-1},
    author = {Cui Zhou, Daniel and Jayasinghe, Reyka G. and Chen, Siqi and Herndon, John M. and Iglesia, Michael D. and Navale, Pooja and Wendl, Michael C. and Caravan, Wagma and Sato, Kazuhito and Storrs, Erik and Mo, Chia-Kuei and Liu, Jingxian and Southard-Smith, Austin N. and Wu, Yige and Naser Al Deen, Nataly and Baer, John M. and Fulton, Robert S. and Wyczalkowski, Matthew A. and Liu, Ruiyang and Fronick, Catrina C. and Fulton, Lucinda A. and Shinkle, Andrew and Thammavong, Lisa and Zhu, Houxiang and Sun, Hua and Wang, Liang-Bo and Li, Yize and Zuo, Chong and McMichael, Joshua F. and Davies, Sherri R. and Appelbaum, Elizabeth L. and Robbins, Keenan J. and Chasnoff, Sara E. and Yang, Xiaolu and Reeb, Ashley N. and Oh, Clara and Serasanambati, Mamatha and Lal, Preet and Varghese, Rajees and Mashl, Jay R. and Ponce, Jennifer and Terekhanova, Nadezhda V. and Yao, Lijun and Wang, Fang and Chen, Lijun and Schnaubelt, Michael and Lu, Rita Jui-Hsien and Schwarz, Julie K. and Puram, Sidharth V. and Kim, Albert H. and Song, Sheng-Kwei and Shoghi, Kooresh I. and Lau, Ken S. and Ju, Tao and Chen, Ken and Chatterjee, Deyali and Hawkins, William G. and Zhang, Hui and Achilefu, Samuel and Chheda, Milan G. and Oh, Stephen T. and Gillanders, William E. and Chen, Feng and DeNardo, David G. and Fields, Ryan C. and Ding, Li}
}

@article{storrsep_dingl:PollockFishing2022,
    title = {Pollock: Fishing for cell states},
    shorttitle = {Pollock},
    author = {Storrs, Erik P and Zhou, Daniel Cui and Wendl, Michael C and Wyczalkowski, Matthew A and Karpova, Alla and Wang, Liang-Bo and Li, Yize and Southard-Smith, Austin and Jayasinghe, Reyka G and Yao, Lijun and Liu, Ruiyang and Wu, Yige and Terekhanova, Nadezhda V and Zhu, Houxiang and Herndon, John M and Puram, Sid and Chen, Feng and Gillanders, William E and Fields, Ryan C and Ding, Li},
    date = {2022-05-13},
    journaltitle = {Bioinformatics Advances},
    shortjournal = {Bioinformatics Advances},
    volume = {2},
    number = {1},
    pages = {vbac028},
    doi = {10.1093/bioadv/vbac028}
}

@article{huangk_dingl:SpatiallyInteracting2021,
	title = {Spatially interacting phosphorylation sites and mutations in cancer},
	volume = {12},
	doi = {10.1038/s41467-021-22481-w},
    eprint = {35603231},
    eprinttype = {pmid},
	pages = {2313},
	number = {1},
	journaltitle = {Nature Communications},
	shortjournal = {Nat Commun},
	author = {Huang, Kuan-lin and Scott, Adam D. and Zhou, Daniel Cui and Wang, Liang-Bo and Weerasinghe, Amila and Elmas, Abdulkadir and Liu, Ruiyang and Wu, Yige and Wendl, Michael C. and Wyczalkowski, Matthew A. and Baral, Jessika and Sengupta, Sohini and Lai, Chin-Wen and Ruggles, Kelly and Payne, Samuel H. and Raphael, Benjamin and Fenyö, David and Chen, Ken and Mills, Gordon and Ding, Li},
	date = {2021-04-19},
	author+an={4=highlight},
}

@article{wanglb_cptac:GBM2021,
	title = {Proteogenomic and metabolomic characterization of human glioblastoma},
	volume = {39},
	doi = {10.1016/j.ccell.2021.01.006},
    eprint = {33577785},
    eprinttype = {pmid},
	number = {4},
	pages = {509--528.e20},
	journaltitle = {Cancer Cell},
	shortjournal = {Cancer Cell},
	author = {Wang, Liang-Bo and Karpova, Alla and Gritsenko, Marina A. and Kyle, Jennifer E. and Cao, Song and Li, Yize and Rykunov, Dmitry and Colaprico, Antonio and Rothstein, Joseph H. and Hong, Runyu and Stathias, Vasileios and Cornwell, {MacIntosh} and Petralia, Francesca and Wu, Yige and Reva, Boris and Krug, Karsten and Pugliese, Pietro and Kawaler, Emily and Olsen, Lindsey K. and Liang, Wen-Wei and Song, Xiaoyu and Dou, Yongchao and Wendl, Michael C. and Caravan, Wagma and Liu, Wenke and Zhou, Daniel Cui and Ji, Jiayi and Tsai, Chia-Feng and Petyuk, Vladislav A. and Moon, Jamie and Ma, Weiping and Chu, Rosalie K. and Weitz, Karl K. and Moore, Ronald J. and Monroe, Matthew E. and Zhao, Rui and Yang, Xiaolu and Yoo, Seungyeul and Krek, Azra and Demopoulos, Alexis and Zhu, Houxiang and Wyczalkowski, Matthew A. and {McMichael}, Joshua F. and Henderson, Brittany L. and Lindgren, Caleb M. and Boekweg, Hannah and Lu, Shuangjia and Baral, Jessika and Yao, Lijun and Stratton, Kelly G. and Bramer, Lisa M. and Zink, Erika and Couvillion, Sneha P. and Bloodsworth, Kent J. and Satpathy, Shankha and Sieh, Weiva and Boca, Simina M. and Schürer, Stephan and Chen, Feng and Wiznerowicz, Maciej and Ketchum, Karen A. and Boja, Emily S. and Kinsinger, Christopher R. and Robles, Ana I. and Hiltke, Tara and Thiagarajan, Mathangi and Nesvizhskii, Alexey I. and Zhang, Bing and Mani, D. R. and Ceccarelli, Michele and Chen, Xi S. and Cottingham, Sandra L. and Li, Qing Kay and Kim, Albert H. and Fenyö, David and Ruggles, Kelly V. and Rodriguez, Henry and Mesri, Mehdi and Payne, Samuel H. and Resnick, Adam C. and Wang, Pei and Smith, Richard D. and Iavarone, Antonio and Chheda, Milan G. and Barnholtz-Sloan, Jill S. and Rodland, Karin D. and Liu, Tao and Ding, Li and Agarwal, Anupriya and Amin, Mitual and An, Eunkyung and Anderson, Matthew L. and Andrews, David W. and Bauer, Thomas and Birger, Chet and Birrer, Michael J. and Blumenberg, Lili and Bocik, William E. and Borate, Uma and Borucki, Melissa and Burke, Meghan C. and Cai, Shuang and Calinawan, Anna P. and Carr, Steven A. and Cerda, Sandra and Chan, Daniel W. and Charamut, Alyssa and Chen, Lin S. and Chesla, David and Chinnaiyan, Arul M. and Chowdhury, Shrabanti and Cieślik, Marcin P. and Clark, David J. and Culpepper, Houston and Czernicki, Tomasz and D'Angelo, Fulvio and Day, Jacob and Young, Stephanie De and Demir, Emek and Dhanasekaran, Saravana Mohan and Dhir, Rajiv and Domagalski, Marcin J. and Druker, Brian and Duffy, Elizabeth and Dyer, Maureen and Edwards, Nathan J. and Edwards, Robert and Elburn, Kimberly and Ellis, Matthew J. and Eschbacher, Jennifer and Francis, Alicia and Gabriel, Stacey and Gabrovski, Nikolay and Garofano, Luciano and Getz, Gad and Gillette, Michael A. and Godwin, Andrew K. and Golbin, Denis and Hanhan, Ziad and Hannick, Linda I. and Hariharan, Pushpa and Hindenach, Barbara and Hoadley, Katherine A. and Hostetter, Galen and Huang, Chen and Jaehnig, Eric and Jewell, Scott D. and Ji, Nan and Jones, Corbin D. and Karz, Alcida and Kaspera, Wojciech and Kim, Lyndon and Kothadia, Ramani B. and Kumar-Sinha, Chandan and Lei, Jonathan and Leprevost, Felipe D. and Li, Kai and Liao, Yuxing and Lilly, Jena and Liu, Hongwei and Lubínski, Jan and Madan, Rashna and Maggio, William and Malc, Ewa and Malovannaya, Anna and Mareedu, Sailaja and Markey, Sanford P. and Marrero-Oliveras, Annette and Martinez, Nina and Maunganidze, Nicollette and {McDermott}, Jason E. and {McGarvey}, Peter B. and {McGee}, John and Mieczkowski, Piotr and Migliozzi, Simona and Modugno, Francesmary and Montgomery, Rebecca and Newton, Chelsea J. and Omenn, Gilbert S. and Ozbek, Umut and Paklina, Oxana V. and Paulovich, Amanda G. and Perou, Amy M. and Pico, Alexander R. and Piehowski, Paul D. and Placantonakis, Dimitris G. and Polonskaya, Larisa and Potapova, Olga and Pruetz, Barbara and Qi, Liqun and Ramkissoon, Shakti and Resnick, Adam and Richey, Shannon and Riggins, Gregory and Robinson, Karna and Roche, Nancy and Rohrer, Daniel C. and Rood, Brian R. and Rossell, Larissa and Savage, Sara R. and Schadt, Eric E. and Shi, Yan and Shi, Zhiao and Shutack, Yvonne and Singh, Shilpi and Skelly, Tara and Sokoll, Lori J. and Stawicki, Jakub and Stein, Stephen E. and Suh, James and Szopa, Wojciech and Tabor, Dave and Tan, Donghui and Tansil, Darlene and Thangudu, Ratna R. and Tognon, Cristina and Traer, Elie and Tsang, Shirley and Tyner, Jeffrey and Um, Ki Sung and Valley, Dana R. and Vasaikar, Suhas and Vatanian, Negin and Velvulou, Uma and Vernon, Michael and Wan, Weiqing and Wang, Junmei and Webster, Alex and Wen, Bo and Whiteaker, Jeffrey R. and Wilson, George D. and Zakhartsev, Yuriy and Zelt, Robert and Zhang, Hui and Zhang, Liwei and Zhang, Zhen and Zhao, Grace and Zhu, Jun},
	date = {2021-02-11},
	author+an={1=highlight,co-first;2=co-first;3=co-first;4=co-first;5=co-first;6=co-first},
}

@article{baileymh_pcawgconsortium:RetrospectiveEvaluation2020,
	title = {Retrospective evaluation of whole exome and genome mutation calls in 746 cancer samples},
	volume = {11},
	doi = {10.1038/s41467-020-18151-y},
	pages = {4748},
	number = {1},
	journaltitle = {Nature Communications},
	shortjournal = {Nat Commun},
	author = {Bailey, Matthew H. and Meyerson, William U. and Dursi, Lewis Jonathan and Wang, Liang-Bo and Dong, Guanlan and Liang, Wen-Wei and Weerasinghe, Amila and Li, Shantao and Kelso, Sean and {MC3 Working Group} and {PCAWG novel somatic mutation calling methods working group} and Saksena, Gordon and Ellrott, Kyle and Wendl, Michael C. and Wheeler, David A. and Getz, Gad and Simpson, Jared T. and Gerstein, Mark B. and Ding, Li and {PCAWG Consortium}},
	date = {2020-09-21},
    eprint = {32958763},
    eprinttype = {pmid},
	author+an={4=highlight},
}

@article{clarkdj_zhangh:IntegratedProteogenomic2019,
	title = {Integrated proteogenomic characterization of clear cell renal cell carcinoma},
	volume = {179},
	doi = {10.1016/j.cell.2019.10.007},
	pages = {964--983.e31},
	number = {4},
	journaltitle = {Cell},
	shortjournal = {Cell},
	author = {Clark, David J. and Dhanasekaran, Saravana M. and Petralia, Francesca and Pan, Jianbo and Song, Xiaoyu and Hu, Yingwei and da Veiga Leprevost, Felipe and Reva, Boris and Lih, Tung-Shing M. and Chang, Hui-Yin and Ma, Weiping and Huang, Chen and Ricketts, Christopher J. and Chen, Lijun and Krek, Azra and Li, Yize and Rykunov, Dmitry and Li, Qing Kay and Chen, Lin S. and Ozbek, Umut and Vasaikar, Suhas and Wu, Yige and Yoo, Seungyeul and Chowdhury, Shrabanti and Wyczalkowski, Matthew A. and Ji, Jiayi and Schnaubelt, Michael and Kong, Andy and Sethuraman, Sunantha and Avtonomov, Dmitry M. and Ao, Minghui and Colaprico, Antonio and Cao, Song and Cho, Kyung-Cho and Kalayci, Selim and Ma, Shiyong and Liu, Wenke and Ruggles, Kelly and Calinawan, Anna and Gümüş, Zeynep H. and Geizler, Daniel and Kawaler, Emily and Teo, Guo Ci and Wen, Bo and Zhang, Yuping and Keegan, Sarah and Li, Kai and Chen, Feng and Edwards, Nathan and Pierorazio, Phillip M. and Chen, Xi Steven and Pavlovich, Christian P. and Hakimi, A. Ari and Brominski, Gabriel and Hsieh, James J. and Antczak, Andrzej and Omelchenko, Tatiana and Lubinski, Jan and Wiznerowicz, Maciej and Linehan, W. Marston and Kinsinger, Christopher R. and Thiagarajan, Mathangi and Boja, Emily S. and Mesri, Mehdi and Hiltke, Tara and Robles, Ana I. and Rodriguez, Henry and Qian, Jiang and Fenyö, David and Zhang, Bing and Ding, Li and Schadt, Eric and Chinnaiyan, Arul M. and Zhang, Zhen and Omenn, Gilbert S. and Cieslik, Marcin and Chan, Daniel W. and Nesvizhskii, Alexey I. and Wang, Pei and Zhang, Hui},
	date = {2019-10-31},
}

@article{douy_zhaog:CPTACUCEC2020,
	title = {Proteogenomic characterization of endometrial carcinoma},
	volume = {180},
	doi = {10.1016/j.cell.2020.01.026},
    eprint = {32059776},
    eprinttype = {pmid},
	pages = {729--748.e26},
	number = {4},
	journaltitle = {Cell},
	shortjournal = {Cell},
	author = {Dou, Yongchao and Kawaler, Emily A. and Zhou, Daniel Cui and Gritsenko, Marina A. and Huang, Chen and Blumenberg, Lili and Karpova, Alla and Petyuk, Vladislav A. and Savage, Sara R. and Satpathy, Shankha and Liu, Wenke and Wu, Yige and Tsai, Chia-Feng and Wen, Bo and Li, Zhi and Cao, Song and Moon, Jamie and Shi, Zhiao and Cornwell, {MacIntosh} and Wyczalkowski, Matthew A. and Chu, Rosalie K. and Vasaikar, Suhas and Zhou, Hua and Gao, Qingsong and Moore, Ronald J. and Li, Kai and Sethuraman, Sunantha and Monroe, Matthew E. and Zhao, Rui and Heiman, David and Krug, Karsten and Clauser, Karl and Kothadia, Ramani and Maruvka, Yosef and Pico, Alexander R. and Oliphant, Amanda E. and Hoskins, Emily L. and Pugh, Samuel L. and Beecroft, Sean J. I. and Adams, David W. and Jarman, Jonathan C. and Kong, Andy and Chang, Hui-Yin and Reva, Boris and Liao, Yuxing and Rykunov, Dmitry and Colaprico, Antonio and Chen, Xi Steven and Czekański, Andrzej and Jędryka, Marcin and Matkowski, Rafał and Wiznerowicz, Maciej and Hiltke, Tara and Boja, Emily and Kinsinger, Christopher R. and Mesri, Mehdi and Robles, Ana I. and Rodriguez, Henry and Mutch, David and Fuh, Katherine and Ellis, Matthew J. and {DeLair}, Deborah and Thiagarajan, Mathangi and Mani, D. R. and Getz, Gad and Noble, Michael and Nesvizhskii, Alexey I. and Wang, Pei and Anderson, Matthew L. and Levine, Douglas A. and Smith, Richard D. and Payne, Samuel H. and Ruggles, Kelly V. and Rodland, Karin D. and Ding, Li and Zhang, Bing and Liu, Tao and Fenyö, David and Agarwal, Anupriya and Anurag, Meenakshi and Avtonomov, Dmitry and Birger, Chet and Birrer, Michael J. and Boca, Simina M. and Bocik, William E. and Borate, Uma and Borucki, Melissa and Burke, Meghan C. and Cai, Shuang and Calinawan, Anna and Carr, Steven A. and Carter, Sonya and Castro, Patricia and Cerda, Sandra and Chaikin, Michelle and Chan, Daniel W. and Chan, Doug and Charamut, Alyssa and Chen, Feng and Chen, Jin and Chen, Lijun and Chen, Lin S. and Chesla, David and Chheda, Milan G. and Chinnaiyan, Arul M. and Chowdhury, Shrabanti and Cieslik, Marcin P. and Clark, David J. and Cottingham, Sandra and Culpepper, Houston and Day, Jacob and Young, Stephanie De and Demir, Emek and Dhanasekaran, Saravana Mohan and Dhir, Rajiv and Domagalski, Marcin J. and Dottino, Peter and Druker, Brian and Duffy, Elizabeth and Dyer, Maureen and Edwards, Nathan J. and Edwards, Robert and Elburn, Kim and Field, Jayson B. and Francis, Alicia and Gabriel, Stacey and Geffen, Yifat and Geiszler, Daniel and Gillette, Michael A. and Godwin, Andrew K. and Grady, Pamela and Hannick, Linda and Hariharan, Pushpa and Hilsenbeck, Sue and Hindenach, Barbara and Hoadley, Katherine A. and Hong, Runyu and Hostetter, Galen and Hsieh, James J. and Hu, Yingwei and Ittmann, Michael M. and Jaehnig, Eric and Jewell, Scott D. and Ji, Jiayi and Jones, Corbin D. and Karabon, Renee and Ketchum, Karen A. and Khan, Munziba and Kim, Beom-Jun and Krek, Azra and Krubit, Tanya and Kumar-Sinha, Chandan and Leprevost, Felipe D. and Lewis, Michael and Li, Qing Kay and Li, Yize and Liu, Hongwei and Lubinski, Jan and Ma, Weiping and Madan, Rashna and Malc, Ewa and Malovannaya, Anna and Mareedu, Sailaja and Markey, Sanford P. and Marrero-Oliveras, Annette and Martignetti, John and {McDermott}, Jason and {McGarvey}, Peter B. and {McGee}, John and Mieczkowski, Piotr and Modugno, Francesmary and Montgomery, Rebecca and Newton, Chelsea J. and Omenn, Gilbert S. and Paulovich, Amanda G. and Perou, Amy M. and Petralia, Francesca and Piehowski, Paul and Polonskaya, Larisa and Qi, Liqun and Richey, Shannon and Robinson, Karna and Roche, Nancy and Rohrer, Daniel C. and Schadt, Eric E. and Schnaubelt, Michael and Shi, Yan and Skelly, Tara and Sokoll, Lori J. and Song, Xiaoyu and Stein, Stephen E. and Suh, James and Tan, Donghui and Tansil, Darlene and Teo, Guo Ci and Thangudu, Ratna R. and Tognon, Cristina and Traer, Elie and Tyner, Jeffrey and Um, Ki Sung and Valley, Dana R. and Vatanian, Negin and Vats, Pankaj and Velvulou, Uma and Vernon, Michael and Wang, Liang-Bo and Wang, Ying and Webster, Alex and Westbrook, Thomas and Wheeler, David and Whiteaker, Jeffrey R. and Wilson, George D. and Zakhartsev, Yuriy and Zelt, Robert and Zhang, Hui and Zhang, Yuping and Zhang, Zhen and Zhao, Grace},
	date = {2020-02-20},
}

@article{gaogf_noblems:ComparisonLegacy2019,
	title = {Before and after: comparison of Legacy and Harmonized {TCGA} Genomic Data Commons’ Data},
	volume = {9},
	doi = {10.1016/j.cels.2019.06.006},
	shorttitle = {Before and After},
	pages = {24--34.e10},
	number = {1},
	journaltitle = {Cell Systems},
	date = {2019-07-24},
	author = {Gao, Galen F. and Parker, Joel S. and Reynolds, Sheila M. and Silva, Tiago C. and Wang, Liang-Bo and Zhou, Wanding and Akbani, Rehan and Bailey, Matthew and Balu, Saianand and Berman, Benjamin P. and Brooks, Denise and Chen, Hu and Cherniack, Andrew D. and Demchok, John A. and Ding, Li and Felau, Ina and Gaheen, Sharon and Gerhard, Daniela S. and Heiman, David I. and Hernandez, Kyle M. and Hoadley, Katherine A. and Jayasinghe, Reyka and Kemal, Anab and Knijnenburg, Theo A. and Laird, Peter W. and Mensah, Michael K. A. and Mungall, Andrew J. and Robertson, A. Gordon and Shen, Hui and Tarnuzzer, Roy and Wang, Zhining and Wyczalkowski, Matthew and Yang, Liming and Zenklusen, Jean C. and Zhang, Zhenyu and Liang, Han and Noble, Michael S.},
	author+an = {1=co-first;2=co-first;3=co-first;4=co-first,highlight;5=co-first},
	addendum = {co-first author},
}

@article{gillettema_shiz:ProteogenomicCharacterization2020,
	title = {Proteogenomic characterization reveals therapeutic vulnerabilities in lung adenocarcinoma},
	volume = {182},
	doi = {10.1016/j.cell.2020.06.013},
	pages = {200--225.e35},
	number = {1},
	journaltitle = {Cell},
	shortjournal = {Cell},
	author = {Gillette, Michael A. and Satpathy, Shankha and Cao, Song and Dhanasekaran, Saravana M. and Vasaikar, Suhas V. and Krug, Karsten and Petralia, Francesca and Li, Yize and Liang, Wen-Wei and Reva, Boris and Krek, Azra and Ji, Jiayi and Song, Xiaoyu and Liu, Wenke and Hong, Runyu and Yao, Lijun and Blumenberg, Lili and Savage, Sara R. and Wendl, Michael C. and Wen, Bo and Li, Kai and Tang, Lauren C. and {MacMullan}, Melanie A. and Avanessian, Shayan C. and Kane, M. Harry and Newton, Chelsea J. and Cornwell, {MacIntosh} and Kothadia, Ramani B. and Ma, Weiping and Yoo, Seungyeul and Mannan, Rahul and Vats, Pankaj and Kumar-Sinha, Chandan and Kawaler, Emily A. and Omelchenko, Tatiana and Colaprico, Antonio and Geffen, Yifat and Maruvka, Yosef E. and Leprevost, Felipe da Veiga and Wiznerowicz, Maciej and Gümüş, Zeynep H. and Veluswamy, Rajwanth R. and Hostetter, Galen and Heiman, David I. and Wyczalkowski, Matthew A. and Hiltke, Tara and Mesri, Mehdi and Kinsinger, Christopher R. and Boja, Emily S. and Omenn, Gilbert S. and Chinnaiyan, Arul M. and Rodriguez, Henry and Li, Qing Kay and Jewell, Scott D. and Thiagarajan, Mathangi and Getz, Gad and Zhang, Bing and Fenyö, David and Ruggles, Kelly V. and Cieslik, Marcin P. and Robles, Ana I. and Clauser, Karl R. and Govindan, Ramaswamy and Wang, Pei and Nesvizhskii, Alexey I. and Ding, Li and Mani, D. R. and Carr, Steven A. and Webster, Alex and Francis, Alicia and Charamut, Alyssa and Paulovich, Amanda G. and Perou, Amy M. and Godwin, Andrew K. and Karnuta, Andrii and Marrero-Oliveras, Annette and Hindenach, Barbara and Pruetz, Barbara and Kubisa, Bartosz and Druker, Brian J. and Birger, Chet and Jones, Corbin D. and Valley, Dana R. and Rohrer, Daniel C. and Zhou, Daniel Cui and Chan, Daniel W. and Chesla, David and Clark, David J. and Rykunov, Dmitry and Tan, Donghui and Ponomareva, Elena V. and Duffy, Elizabeth and Burks, Eric J. and Schadt, Eric E. and Bergstrom, Erik J. and Fedorov, Eugene S. and Malc, Ewa and Wilson, George D. and Chen, Hai-Quan and Krzystek, Halina M. and Liu, Hongwei and Culpepper, Houston and Sun, Hua and Zhang, Hui and Day, Jacob and Suh, James and Whiteaker, Jeffrey R. and Eschbacher, Jennifer and {McGee}, John and Ketchum, Karen A. and Rodland, Karin D. and Robinson, Karna and Hoadley, Katherine A. and Suzuki, Kei and Um, Ki Sung and Elburn, Kim and Wang, Liang-Bo and Chen, Lijun and Hannick, Linda and Qi, Liqun and Sokoll, Lori J. and Wojtyś, Małgorzata and Domagalski, Marcin J. and Gritsenko, Marina A. and Beasley, Mary B. and Monroe, Matthew E. and Ellis, Matthew J. and Dyer, Maureen and Burke, Meghan C. and Borucki, Melissa and Sun, Meng-Hong and Roehrl, Michael H. and Birrer, Michael J. and Noble, Michael and Schnaubelt, Michael and Vernon, Michael and Chaikin, Michelle and Krotevich, Mikhail and Khan, Munziba and Selvan, Myvizhi Esai and Roche, Nancy and Edwards, Nathan J. and Vatanian, Negin and Potapova, Olga and Grady, Pamela and {McGarvey}, Peter B. and Mieczkowski, Piotr and Hariharan, Pushpa and Madan, Rashna and Thangudu, Ratna R. and Smith, Richard D. and Welsh, Robert J. and Zelt, Robert and Mehra, Rohit and Matteotti, Ronald and Mareedu, Sailaja and Payne, Samuel H. and Cottingham, Sandra and Markey, Sanford P. and Chugh, Seema and Smith, Shaleigh and Tsang, Shirley and Cai, Shuang and Boca, Simina M. and Carter, Sonya and Gabriel, Stacey and Young, Stephanie De and Stein, Stephen E. and Shankar, Sunita and Krubit, Tanya and Liu, Tao and Skelly, Tara and Bauer, Thomas and Velvulou, Uma and Ozbek, Umut and Petyuk, Vladislav A. and Sovenko, Volodymyr and Bocik, William E. and Maggio, William W. and Chen, Xi and Shi, Yan and Wu, Yige and Hu, Yingwei and Liao, Yuxing and Zhang, Zhen and Shi, Zhiao},
	date = {2020-07-09},
	pmid = {32649874},
}

@article{huangk_dingl:PathogenicGermline2018,
	title = {Pathogenic germline variants in 10,389 adult cancers},
	volume = {173},
	doi = {10.1016/j.cell.2018.03.039},
	pages = {355--370.e14},
	number = {2},
	journaltitle = {Cell},
	shortjournal = {Cell},
	author = {Huang, Kuan-lin and Mashl, R. Jay and Wu, Yige and Ritter, Deborah I. and Wang, Jiayin and Oh, Clara and Paczkowska, Marta and Reynolds, Sheila and Wyczalkowski, Matthew A. and Oak, Ninad and Scott, Adam D. and Krassowski, Michal and Cherniack, Andrew D. and Houlahan, Kathleen E. and Jayasinghe, Reyka and Wang, Liang-Bo and Zhou, Daniel Cui and Liu, Di and Cao, Song and Kim, Young Won and Koire, Amanda and {McMichael}, Joshua F. and Hucthagowder, Vishwanathan and Kim, Tae-Beom and Hahn, Abigail and Wang, Chen and {McLellan}, Michael D. and Al-Mulla, Fahd and Johnson, Kimberly J. and Lichtarge, Olivier and Boutros, Paul C. and Raphael, Benjamin and Lazar, Alexander J. and Zhang, Wei and Wendl, Michael C. and Govindan, Ramaswamy and Jain, Sanjay and Wheeler, David and Kulkarni, Shashikant and Dipersio, John F. and Reimand, Jüri and Meric-Bernstam, Funda and Chen, Ken and Shmulevich, Ilya and Plon, Sharon E. and Chen, Feng and Ding, Li},
	date = {2018-04-05},
}

@article{laiyp_chuangey:IGCIntegrated2017,
	title = {{iGC}—an integrated analysis package of gene expression and copy number alteration},
	volume = {18},
	doi = {10.1186/s12859-016-1438-2},
	pages = {35},
	journaltitle = {{BMC} Bioinformatics},
	shortjournal = {{BMC} Bioinformatics},
	date = {2017},
	author = {Lai, Yi-Pin and Wang, Liang-Bo and Wang, Wei-An and Lai, Liang-Chuan and Tsai, Mong-Hsun and Lu, Tzu-Pin and Chuang, Eric Y.},
	author+an = {1=co-first;2=co-first,highlight;3=co-first}
}

@article{mcdermottje_rodlandkd:ProteogenomicCharacterization2020,
	title = {Proteogenomic characterization of ovarian {HGSC} implicates mitotic kinases, replication stress in observed chromosomal instability},
	volume = {1},
	doi = {10.1016/j.xcrm.2020.100004},
	pages = {100004},
	number = {1},
	journaltitle = {Cell Reports Medicine},
	shortjournal = {Cell Reports Medicine},
	author = {{McDermott}, Jason E. and Arshad, Osama A. and Petyuk, Vladislav A. and Fu, Yi and Gritsenko, Marina A. and Clauss, Therese R. and Moore, Ronald J. and Schepmoes, Athena A. and Zhao, Rui and Monroe, Matthew E. and Schnaubelt, Michael and Tsai, Chia-Feng and Payne, Samuel H. and Huang, Chen and Wang, Liang-Bo and Foltz, Steven and Wyczalkowski, Matthew and Wu, Yige and Song, Ehwang and Brewer, Molly A. and Thiagarajan, Mathangi and Kinsinger, Christopher R. and Robles, Ana I. and Boja, Emily S. and Rodriguez, Henry and Chan, Daniel W. and Zhang, Bing and Zhang, Zhen and Ding, Li and Smith, Richard D. and Liu, Tao and Rodland, Karin D.},
	date = {2020-04-21},
}

@article{petraliaf_bocikwe:IntegratedProteogenomic2020,
	title = {Integrated proteogenomic characterization across major histological types of pediatric brain cancer},
	volume = {183},
    number = {2},
    pages = {1962-1985.e31},
	doi = {10.1016/j.cell.2020.10.044},
	journaltitle = {Cell},
	shortjournal = {Cell},
	author = {Petralia, Francesca and Tignor, Nicole and Reva, Boris and Koptyra, Mateusz and Chowdhury, Shrabanti and Rykunov, Dmitry and Krek, Azra and Ma, Weiping and Zhu, Yuankun and Ji, Jiayi and Calinawan, Anna and Whiteaker, Jeffrey R. and Colaprico, Antonio and Stathias, Vasileios and Omelchenko, Tatiana and Song, Xiaoyu and Raman, Pichai and Guo, Yiran and Brown, Miguel A. and Ivey, Richard G. and Szpyt, John and Guha Thakurta, Sanjukta and Gritsenko, Marina A. and Weitz, Karl K. and Lopez, Gonzalo and Kalayci, Selim and Gümüş, Zeynep H. and Yoo, Seungyeul and da Veiga Leprevost, Felipe and Chang, Hui-Yin and Krug, Karsten and Katsnelson, Lizabeth and Wang, Ying and Kennedy, Jacob J. and Voytovich, Uliana J. and Zhao, Lei and Gaonkar, Krutika S. and Ennis, Brian M. and Zhang, Bo and Baubet, Valerie and Tauhid, Lamiya and Lilly, Jena V. and Mason, Jennifer L. and Farrow, Bailey and Young, Nathan and Leary, Sarah and Moon, Jamie and Petyuk, Vladislav A. and Nazarian, Javad and Adappa, Nithin D. and Palmer, James N. and Lober, Robert M. and Rivero-Hinojosa, Samuel and Wang, Liang-Bo and Wang, Joshua M. and Broberg, Matilda and Chu, Rosalie K. and Moore, Ronald J. and Monroe, Matthew E. and Zhao, Rui and Smith, Richard D. and Zhu, Jun and Robles, Ana I. and Mesri, Mehdi and Boja, Emily and Hiltke, Tara and Rodriguez, Henry and Zhang, Bing and Schadt, Eric E. and Mani, D. R. and Ding, Li and Iavarone, Antonio and Wiznerowicz, Maciej and Schürer, Stephan and Chen, Xi S. and Heath, Allison P. and Rokita, Jo Lynne and Nesvizhskii, Alexey I. and Fenyö, David and Rodland, Karin D. and Liu, Tao and Gygi, Steven P. and Paulovich, Amanda G. and Resnick, Adam C. and Storm, Phillip B. and Rood, Brian R. and Wang, Pei and Francis, Alicia and Morgan, Allison M. and Waanders, Angela J. and Viaene, Angela N. and Buccoliero, Anna Maria and Chinnaiyan, Arul M. and Leonard, Carina A. and Kline, Cassie N. and Caporalini, Chiara and Kinsinger, Christopher R. and Li, Chunde and Kram, David E. and Hanson, Derek and Appert, Elizabeth and Kawaler, Emily A. and Raabe, Eric H. and Jackson, Eric M. and Greenfield, Jeffrey P. and Stone, Gabrielle S. and Getz, Gad and Grant, Gerald and Teo, Guo Ci and Pollack, Ian F. and Cain, Jason E. and Foster, Jessica B. and Phillips, Joanna J. and Palma, July E. and Ketchum, Karen A. and Ruggles, Kelly V. and Blumenberg, Lili and Cornwell, Macintosh and Sarmady, Mahdi and Domagalski, Marcin J. and Cieślik, Marcin P. and Santi, Mariarita and Li, Marilyn M. and Ellis, Matthew J. and Wyczalkowski, Matthew A. and Connors, Meghan and Scagnet, Mirko and Gupta, Nalin and Edwards, Nathan J. and Vitanza, Nicholas A. and Vaske, Olena M. and Becher, Oren and {McGarvey}, Peter B. and Firestein, Ron and Mueller, Sabine and Winebrake, Samuel G. and Dhanasekaran, Saravana Mohan and Cai, Shuang and Partap, Sonia and Patton, Tatiana and Le, Toan and Lorentzen, Travis D. and Liu, Wenke and Bocik, William E.},
	date = {2020-11-25},
}

@article{rozenblatt-roseno_zhuangx:HumanTumor2020,
	title = {The {Human Tumor Atlas Network}: charting tumor transitions across space and time at single-cell resolution},
	volume = {181},
	doi = {10.1016/j.cell.2020.03.053},
	shorttitle = {The {Human Tumor Atlas Network}},
	pages = {236--249},
	number = {2},
	journaltitle = {Cell},
	shortjournal = {Cell},
	author = {Rozenblatt-Rosen, Orit and Regev, Aviv and Oberdoerffer, Philipp and Nawy, Tal and Hupalowska, Anna and Rood, Jennifer E. and Ashenberg, Orr and Cerami, Ethan and Coffey, Robert J. and Demir, Emek and Ding, Li and Esplin, Edward D. and Ford, James M. and Goecks, Jeremy and Ghosh, Sharmistha and Gray, Joe W. and Guinney, Justin and Hanlon, Sean E. and Hughes, Shannon K. and Hwang, E. Shelley and Iacobuzio-Donahue, Christine A. and Jané-Valbuena, Judit and Johnson, Bruce E. and Lau, Ken S. and Lively, Tracy and Mazzilli, Sarah A. and Pe’er, Dana and Santagata, Sandro and Shalek, Alex K. and Schapiro, Denis and Snyder, Michael P. and Sorger, Peter K. and Spira, Avrum E. and Srivastava, Sudhir and Tan, Kai and West, Robert B. and Williams, Elizabeth H. and Aberle, Denise and Achilefu, Samuel I. and Ademuyiwa, Foluso O. and Adey, Andrew C. and Aft, Rebecca L. and Agarwal, Rachana and Aguilar, Ruben A. and Alikarami, Fatemeh and Allaj, Viola and Amos, Christopher and Anders, Robert A. and Angelo, Michael R. and Anton, Kristen and Ashenberg, Orr and Aster, Jon C. and Babur, Ozgun and Bahmani, Amir and Balsubramani, Akshay and Barrett, David and Beane, Jennifer and Bender, Diane E. and Bernt, Kathrin and Berry, Lynne and Betts, Courtney B. and Bletz, Julie and Blise, Katie and Boire, Adrienne and Boland, Genevieve and Borowsky, Alexander and Bosse, Kristopher and Bott, Matthew and Boyden, Ed and Brooks, James and Bueno, Raphael and Burlingame, Erik A. and Cai, Qiuyin and Campbell, Joshua and Caravan, Wagma and Cerami, Ethan and Chaib, Hassan and Chan, Joseph M. and Chang, Young Hwan and Chatterjee, Deyali and Chaudhary, Ojasvi and Chen, Alyce A. and Chen, Bob and Chen, Changya and Chen, Chia-hui and Chen, Feng and Chen, Yu-An and Chheda, Milan G. and Chin, Koei and Chiu, Roxanne and Chu, Shih-Kai and Chuaqui, Rodrigo and Chun, Jaeyoung and Cisneros, Luis and Coffey, Robert J. and Colditz, Graham A. and Cole, Kristina and Collins, Natalie and Contrepois, Kevin and Coussens, Lisa M. and Creason, Allison L. and Crichton, Daniel and Curtis, Christina and Davidsen, Tanja and Davies, Sherri R. and de Bruijn, Ino and Dellostritto, Laura and De Marzo, Angelo and Demir, Emek and {DeNardo}, David G. and Diep, Dinh and Ding, Li and Diskin, Sharon and Doan, Xengie and Drewes, Julia and Dubinett, Stephen and Dyer, Michael and Egger, Jacklynn and Eng, Jennifer and Engelhardt, Barbara and Erwin, Graham and Esplin, Edward D. and Esserman, Laura and Felmeister, Alex and Feiler, Heidi S. and Fields, Ryan C. and Fisher, Stephen and Flaherty, Keith and Flournoy, Jennifer and Ford, James M. and Fortunato, Angelo and Frangieh, Allison and Frye, Jennifer L. and Fulton, Robert S. and Galipeau, Danielle and Gan, Siting and Gao, Jianjiong and Gao, Long and Gao, Peng and Gao, Vianne R. and Geiger, Tim and George, Ajit and Getz, Gad and Ghosh, Sharmistha and Giannakis, Marios and Gibbs, David L. and Gillanders, William E. and Goecks, Jeremy and Goedegebuure, Simon P. and Gould, Alanna and Gowers, Kate and Gray, Joe W. and Greenleaf, William and Gresham, Jeremy and Guerriero, Jennifer L. and Guha, Tuhin K. and Guimaraes, Alexander R. and Guinney, Justin and Gutman, David and Hacohen, Nir and Hanlon, Sean and Hansen, Casey R. and Harismendy, Olivier and Harris, Kathleen A. and Hata, Aaron and Hayashi, Akimasa and Heiser, Cody and Helvie, Karla and Herndon, John M. and Hirst, Gilliam and Hodi, Frank and Hollmann, Travis and Horning, Aaron and Hsieh, James J. and Hughes, Shannon and Huh, Won Jae and Hunger, Stephen and Hwang, Shelley E. and Iacobuzio-Donahue, Christine A. and Ijaz, Heba and Izar, Benjamin and Jacobson, Connor A. and Janes, Samuel and Jané-Valbuena, Judit and Jayasinghe, Reyka G. and Jiang, Lihua and Johnson, Brett E. and Johnson, Bruce and Ju, Tao and Kadara, Humam and Kaestner, Klaus and Kagan, Jacob and Kalinke, Lukas and Keith, Robert and Khan, Aziz and Kibbe, Warren and Kim, Albert H. and Kim, Erika and Kim, Junhyong and Kolodzie, Annette and Kopytra, Mateusz and Kotler, Eran and Krueger, Robert and Krysan, Kostyantyn and Kundaje, Anshul and Ladabaum, Uri and Lake, Blue B. and Lam, Huy and Laquindanum, Rozelle and Lau, Ken S. and Laughney, Ashley M. and Lee, Hayan and Lenburg, Marc and Leonard, Carina and Leshchiner, Ignaty and Levy, Rochelle and Li, Jerry and Lian, Christine G. and Lim, Kian-Huat and Lin, Jia-Ren and Lin, Yiyun and Liu, Qi and Liu, Ruiyang and Lively, Tracy and Longabaugh, William J. R. and Longacre, Teri and Ma, Cynthia X. and Macedonia, Mary Catherine and Madison, Tyler and Maher, Christopher A. and Maitra, Anirban and Makinen, Netta and Makowski, Danika and Maley, Carlo and Maliga, Zoltan and Mallo, Diego and Maris, John and Markham, Nick and Marks, Jeffrey and Martinez, Daniel and Mashl, Robert J. and Masilionais, Ignas and Mason, Jennifer and Massagué, Joan and Massion, Pierre and Mattar, Marissa and Mazurchuk, Richard and Mazutis, Linas and Mazzilli, Sarah A. and {McKinley}, Eliot T. and {McMichael}, Joshua F. and Merrick, Daniel and Meyerson, Matthew and Miessner, Julia R. and Mills, Gordon B. and Mills, Meredith and Mondal, Suman B. and Mori, Motomi and Mori, Yuriko and Moses, Elizabeth and Mosse, Yael and Muhlich, Jeremy L. and Murphy, George F. and Navin, Nicholas E. and Nawy, Tal and Nederlof, Michel and Ness, Reid and Nevins, Stephanie and Nikolov, Milen and Nirmal, Ajit Johnson and Nolan, Garry and Novikov, Edward and Oberdoerffer, Philipp and O’Connell, Brendan and Offin, Michael and Oh, Stephen T. and Olson, Anastasiya and Ooms, Alex and Ossandon, Miguel and Owzar, Kouros and Parmar, Swapnil and Patel, Tasleema and Patti, Gary J. and Pe’er, Dana and Pe'er, Itsik and Peng, Tao and Persson, Daniel and Petty, Marvin and Pfister, Hanspeter and Polyak, Kornelia and Pourfarhangi, Kamyar and Puram, Sidharth V. and Qiu, Qi and Quintanal-Villalonga, Álvaro and Raj, Arjun and Ramirez-Solano, Marisol and Rashid, Rumana and Reeb, Ashley N. and Regev, Aviv and Reid, Mary and Resnick, Adam and Reynolds, Sheila M. and Riesterer, Jessica L. and Rodig, Scott and Roland, Joseph T. and Rosenfield, Sonia and Rotem, Asaf and Roy, Sudipta and Rozenblatt-Rosen, Orit and Rudin, Charles M. and Ryser, Marc D. and Santagata, Sandro and Santi-Vicini, Maria and Sato, Kazuhito and Schapiro, Denis and Schrag, Deborah and Schultz, Nikolaus and Sears, Cynthia L. and Sears, Rosalie C. and Sen, Subrata and Sen, Triparna and Shalek, Alex and Sheng, Jeff and Sheng, Quanhu and Shoghi, Kooresh I. and Shrubsole, Martha J. and Shyr, Yu and Sibley, Alexander B. and Siex, Kiara and Simmons, Alan J. and Singer, Dinah S. and Sivagnanam, Shamilene and Slyper, Michal and Snyder, Michael P. and Sokolov, Artem and Song, Sheng-Kwei and Sorger, Peter K. and Southard-Smith, Austin and Spira, Avrum and Srivastava, Sudhir and Stein, Janet and Storm, Phillip and Stover, Elizabeth and Strand, Siri H. and Su, Timothy and Sudar, Damir and Sullivan, Ryan and Surrey, Lea and Suvà, Mario and Tan, Kai and Terekhanova, Nadezhda V. and Ternes, Luke and Thammavong, Lisa and Thibault, Guillaume and Thomas, George V. and Thorsson, Vésteinn and Todres, Ellen and Tran, Linh and Tyler, Madison and Uzun, Yasin and Vachani, Anil and Van Allen, Eliezer and Vandekar, Simon and Veis, Deborah J. and Vigneau, Sébastien and Vossough, Arastoo and Waanders, Angela and Wagle, Nikhil and Wang, Liang-Bo and Wendl, Michael C. and West, Robert and Williams, Elizabeth H. and Wu, Chi-yun and Wu, Hao and Wu, Hung-Yi and Wyczalkowski, Matthew A. and Xie, Yubin and Yang, Xiaolu and Yapp, Clarence and Yu, Wenbao and Yuan, Yinyin and Zhang, Dadong and Zhang, Kun and Zhang, Mianlei and Zhang, Nancy and Zhang, Yantian and Zhao, Yanyan and Zhou, Daniel Cui and Zhou, Zilu and Zhu, Houxiang and Zhu, Qin and Zhu, Xiangzhu and Zhu, Yuankun and Zhuang, Xiaowei},
	date = {2020-04-16},
}

@article{sunsq_dingl:DatabaseEvidence2018,
	title = {Database of evidence for precision oncology portal},
	volume = {34},
	doi = {10.1093/bioinformatics/bty531},
	pages = {4315--4317},
	number = {24},
	journaltitle = {Bioinformatics},
	shortjournal = {Bioinformatics},
	author = {Sun, Sam Q. and Mashl, R. Jay and Sengupta, Sohini and Scott, Adam D. and Wang, Weihua and Batra, Prag and Wang, Liang-Bo and Wyczalkowski, Matthew A. and Ding, Li},
	author+an = {7=highlight},
	date = {2018},
	pmid = {30535306},
}

@article{thebiocondateam_kosterj:BiocondaSustainable2018,
	title = {Bioconda: sustainable and comprehensive software distribution for the life sciences},
	volume = {15},
	doi = {10.1038/s41592-018-0046-7},
	shorttitle = {Bioconda},
	pages = {475--476},
	number = {7},
	journaltitle = {Nature Methods},
	shortjournal = {Nat Methods},
	author = {Grüning, Björn and Dale, Ryan and Sjödin, Andreas and Chapman, Brad A. and Rowe, Jillian and Tomkins-Tinch, Christopher H. and Valieris, Renan and Köster, Johannes and {The Bioconda Team}},
	author+an = {9=highlight},
	date = {2018-07},
}

@article{xuy_changeic:LargeScale2017,
	title = {Large scale tissue histopathology image classification, segmentation, and visualization via deep convolutional activation features},
	volume = {18},
	doi = {10.1186/s12859-017-1685-x},
	pages = {281},
	journaltitle = {{BMC} Bioinformatics},
	shortjournal = {{BMC} Bioinformatics},
	author = {Xu, Yan and Jia, Zhipeng and Wang, Liang-Bo and Ai, Yuqing and Zhang, Fang and Lai, Maode and Chang, Eric I-Chao},
	author+an = {3=highlight},
	date = {2017-05-26},
}

@article{wanglb_lutp:IdentificationPredictive2015,
	title = {Identification of predictive biomarkers for {ZD}-6474 in lung cancer},
	volume = {4},
	doi = {10.3978/j.issn.2218-676X.2015.08.10},
	pages = {324--331},
	number = {4},
	journaltitle = {Translational Cancer Research},
	author = {Wang, Liang-Bo and Chuang, Eric Y. and Lu, Tzu-Pin},
	author+an = {1=highlight},
	date = {2015-08-26},
}

@article{leecy_tsaimh:CommonApplications2013,
	title = {Common applications of next-generation sequencing technologies in genomic research},
	doi = {10.3978/j.issn.2218-676X.2013.02.09},
	volume = {2},
	pages = {33--45},
	number = {1},
	journaltitle = {Translational Cancer Research},
	author = {Lee, Chien-Yueh and Chiu, Yu-Chiao and Wang, Liang-Bo and Kuo, Yu-Lun and Chuang, Eric Y. and Lai, Liang-Chuan and Tsai, Mong-Hsun},
	date = {2013-05-03},
	author+an = {1=co-first;2=co-first;3=co-first,highlight;4=co-first},
}

@inproceedings{sunc_tianw:LinearresponseCMOSMEMS2012,
	title = {A linear-response {CMOS}-{MEMS} capacitive tactile sensor},
	doi = {10.1109/ICSENS.2012.6411545},
	eventtitle = {2012 {IEEE} {SENSORS}},
	pages = {1--4},
	author = {Sun, C.-T. and Lin, Y.-C. and Hsieh, C.-J. and Liou, J.-C. and Wang, L.-B. and Tian, W.-C.},
	author+an = {5=highlight},
	date = {2012-10},
}
